<?xml version="1.0" encoding="UTF-8"?><record xmlns="http://www.loc.gov/MARC21/slim" xmlns:cinclude="http://apache.org/cocoon/include/1.0" xmlns:zs="http://www.loc.gov/zing/srw/">
  <leader>00575cz  a2200169n  4500</leader>
  <controlfield tag="001">no2005070998</controlfield>
  <controlfield tag="003">DLC</controlfield>
  <controlfield tag="005">20130323090452.0</controlfield>
  <controlfield tag="008">050731n| azannaabn          |a aaa     c</controlfield>
  <datafield tag="010" ind1=" " ind2=" ">
    <subfield code="a">no2005070998</subfield>
  </datafield>
  <datafield tag="035" ind1=" " ind2=" ">
    <subfield code="a">(OCoLC)oca06697228</subfield>
  </datafield>
  <datafield tag="040" ind1=" " ind2=" ">
    <subfield code="a">NjP</subfield>
    <subfield code="b">eng</subfield>
    <subfield code="e">rda</subfield>
    <subfield code="c">NjP</subfield>
    <subfield code="d">DLC</subfield>
  </datafield>
  <datafield tag="046" ind1=" " ind2=" ">
    <subfield code="f">1880</subfield>
  </datafield>
  <datafield tag="100" ind1="1" ind2=" ">
    <subfield code="a">Müller, Georg,</subfield>
    <subfield code="d">1880-</subfield>
  </datafield>
  <datafield tag="400" ind1="1" ind2=" ">
    <subfield code="w">nnea</subfield>
    <subfield code="a">Müller, Georg,</subfield>
    <subfield code="d">b. 1880</subfield>
  </datafield>
  <datafield tag="670" ind1=" " ind2=" ">
    <subfield code="a">Grosstadt-Garagen, 1925?:</subfield>
    <subfield code="b">t.p. (Dr.-Ing. Georg Müller, Berlin-Lankwitz, former divisional dir. in the engineering office of Koch &amp; Kienzle)</subfield>
  </datafield>
  <datafield tag="670" ind1=" " ind2=" ">
    <subfield code="a">NUC, pre-56</subfield>
    <subfield code="b">(Müller, Georg, 1880-)</subfield>
  </datafield>
</record>